@inproceedings{IB-method,
  added-at = {2017-09-27T13:23:06.000+0200},
  author = {Tishby, Naftali and Pereira, Fernando C. and Bialek, William},
  biburl = {https://www.bibsonomy.org/bibtex/2c61af806ab3a8fe92154753e84736818/mo_xime},
  booktitle = {Proc. of the 37-th Annual Allerton Conference on Communication, Control and Computing},
  comment = {cte: information bottleneck},
  interhash = {15bd5efbf394791da00b09839b9a5757},
  intrahash = {c61af806ab3a8fe92154753e84736818},
  keywords = {information},
  pages = {368-377},
  timestamp = {2017-09-27T15:48:05.000+0200},
  title = {The information bottleneck method},
  url = {https://arxiv.org/abs/physics/0004057},
  year = 1999
}

@INPROCEEDINGS{IB-DNN,
  author={Tishby, Naftali and Zaslavsky, Noga},
  booktitle={2015 IEEE Information Theory Workshop (ITW)}, 
  title={Deep learning and the information bottleneck principle}, 
  year={2015},
  volume={},
  number={},
  pages={1-5},
  keywords={Distortion;Complexity theory;Mutual information;Bifurcation;Computer architecture;Feature extraction;Training},
  doi={10.1109/ITW.2015.7133169}}


@article{IB-challenge,
doi = {10.1088/1742-5468/ab3985},
url = {https://doi.org/10.1088/1742-5468/ab3985},
year = {2019},
month = {dec},
publisher = {IOP Publishing and SISSA},
volume = {2019},
number = {12},
pages = {124020},
author = {Saxe, Andrew M and Bansal, Yamini and Dapello, Joel and Advani, Madhu and Kolchinsky, Artemy and Tracey, Brendan D and Cox, David D},
title = {On the information bottleneck theory of deep learning*},
journal = {Journal of Statistical Mechanics: Theory and Experiment},
}

